@inproceedings{Alexa2000,
author = {Alexa, Marc and Cohen-Or, Daniel and Levin, David},
booktitle = {Proceedings of the 27th annual conference on Computer graphics and interactive techniques - SIGGRAPH '00},
file = {:home/gdp24/Documents/Mendeley/Alexa, Cohen-Or, Levin/Alexa, Cohen-Or, Levin - 2000 - As-rigid-as-possible shape interpolation.pdf:pdf},
keywords = {compatible tri-,shape blending,vertex path problem},
pages = {157--164},
title = {{As-rigid-as-possible shape interpolation}},
year = {2000}
}
