@book{Sutton1998,
author = {Sutton, Richard S. and Barto, Andrew G.},
publisher = {MIT Press},
title = {{Introduction to Reinforcement Learning}},
year = {1998}
}
@article{Hart1968,
author = {Hart, P.E. and Nilsson, N.J. and Raphael, B.},
journal = {Systems Science and Cybernetics, IEEE Transactions on},
number = {2},
pages = {100--107},
title = {{A Formal Basis for the Heuristic Determination of Minimum Cost Paths}},
volume = {4},
year = {1968}
}
@inproceedings{Stentz1993,
author = {Stentz, Anthony and Mellon, Is Carnegle},
booktitle = {International Journal of Robotics and Automation},
pages = {89--100},
title = {{Optimal and Efficient Path Planning for Partially-Known Environments}},
volume = {10},
year = {1993}
}
@inproceedings{Nash2007,
author = {Nash, Alex and Daniel, Kenny and Koenig, Sven and Felner, Ariel},
booktitle = {Proceedings of the National Conference on Artificial Intelligence},
pages = {1177},
title = {{Theta*: Any-Angle Path Planning on Grids}},
year = {2007}
}
